<?xml version="1.0" encoding="UTF-8"?>
<collection xmlns="http://www.loc.gov/MARC21/slim">
<record>
  <leader>01158ndm2a22003013i 450 </leader>
  <controlfield tag="001">IT\ICCU\MUS\0053126</controlfield>
  <controlfield tag="003">http://id.sbn.it/bid/MUS0053126</controlfield>
  <controlfield tag="005">20150224140503.9</controlfield>
  <datafield tag="100" ind1=" " ind2="1">
    <subfield code="a">Costantini, Alessandro</subfield>
    <subfield code="f"> &lt;ca. 1581-1657&gt;</subfield>
  </datafield>
  <datafield tag="240" ind1="1" ind2="0">
    <subfield code="a">O Admirabile Cummercium. Soprano, Contralto, Tenore, Basso</subfield>
    <subfield code="3">IT\ICCU\CMP\0223968</subfield>
    <subfield code="9">Costantini, Alessandro &lt;ca. 1581-1657&gt;</subfield>
  </datafield>
  <datafield tag="500" ind1=" " ind2=" ">
    <subfield code="a">Riproduzione anastatica del manoscritto.</subfield>
  </datafield>
</record><record>
  <leader>00852ndm2a22002653i 450 </leader>
  <controlfield tag="001">IT\ICCU\MUS\0053127</controlfield>
  <controlfield tag="003">http://id.sbn.it/bid/MUS0053127</controlfield>
  <controlfield tag="005">20150224140235.5</controlfield>
  <datafield tag="500" ind1=" " ind2=" ">
    <subfield code="a">Riproduzione anastatica del manoscritto.</subfield>
  </datafield>
</record>