<record>
  <leader>01488ndm2a22003733i 450 </leader>
  <controlfield tag="001">IT\ICCU\MUS\0053128</controlfield>
  <controlfield tag="003">http://id.sbn.it/bid/MUS0053128</controlfield>
  <controlfield tag="005">20150224135621.3</controlfield>
  <datafield tag="100" ind1=" " ind2="1">
    <subfield code="a">Gallus, Jacobus</subfield>
  </datafield>
  <datafield tag="240" ind1="1" ind2="0">
    <subfield code="a">Dicunt infantes</subfield>
    <subfield code="3">IT\ICCU\CMP\0023054</subfield>
    <subfield code="9">Gallus, Jacobus</subfield>
  </datafield>
  <datafield tag="500" ind1=" " ind2=" ">
    <subfield code="a">Riproduzione anastatica del manoscritto.</subfield>
  </datafield>
</record>