<record>
  <leader>01899ndm2a22003853i 450 </leader>
  <controlfield tag="001">IT\ICCU\MUS\0053129</controlfield>
  <controlfield tag="003">http://id.sbn.it/bid/MUS0053129</controlfield>
  <controlfield tag="005">20150224132713.4</controlfield>
  <datafield tag="100" ind1=" " ind2="1">
    <subfield code="a">Palestrina, Giovanni Pierluigi : da</subfield>
  </datafield>
  <datafield tag="240" ind1="1" ind2="0">
    <subfield code="a">Innocentes pro Christe. 3 Canti,Contralto</subfield>
    <subfield code="3">IT\ICCU\CMP\0038733</subfield>
    <subfield code="9">Palestrina, Giovanni Pierluigi : da</subfield>
  </datafield>
  <datafield tag="500" ind1=" " ind2=" ">
    <subfield code="a">Riproduzione anastatica del manoscritto.</subfield>
  </datafield>
</record>