<record>
  <leader>01845ndm2a22003973i 450 </leader>
  <controlfield tag="001">IT\ICCU\MUS\0053131</controlfield>
  <controlfield tag="003">http://id.sbn.it/bid/MUS0053131</controlfield>
  <controlfield tag="005">20150224131834.4</controlfield>
  <datafield tag="100" ind1=" " ind2="1">
    <subfield code="a">Clemens non papa, Jacobus</subfield>
  </datafield>
  <datafield tag="240" ind1="1" ind2="0">
    <subfield code="a">Vox in Rama audita est. Soprano, Contralto, Tenore, Basso</subfield>
    <subfield code="3">IT\ICCU\CMP\0223971</subfield>
    <subfield code="9">Clemens non papa, Jacobus</subfield>
  </datafield>
  <datafield tag="500" ind1=" " ind2=" ">
    <subfield code="a">Riproduzione anastatica del manoscritto.</subfield>
  </datafield>
</record><record>
  <leader>00884ndm2a22002653i 450 </leader>
  <controlfield tag="001">IT\ICCU\MUS\0053132</controlfield>
  <controlfield tag="003">http://id.sbn.it/bid/MUS0053132</controlfield>
  <controlfield tag="005">20150224131651.0</controlfield>
  <datafield tag="500" ind1=" " ind2=" ">
    <subfield code="a">Riproduzione anastatica del manoscritto.</subfield>
  </datafield>
</record>