<record>
  <leader>01163ndm2a22003133i 450 </leader>
  <controlfield tag="001">IT\ICCU\MUS\0053134</controlfield>
  <controlfield tag="003">http://id.sbn.it/bid/MUS0053134</controlfield>
  <controlfield tag="005">20150224125359.6</controlfield>
  <datafield tag="100" ind1=" " ind2="1">
    <subfield code="a">Marenzio, Luca</subfield>
  </datafield>
  <datafield tag="240" ind1="1" ind2="0">
    <subfield code="a">Iste est Joannes. Soprano,Mezzosoprano,Contralto,Basso</subfield>
    <subfield code="3">IT\ICCU\CMP\0223973</subfield>
    <subfield code="9">Marenzio, Luca</subfield>
  </datafield>
  <datafield tag="500" ind1=" " ind2=" ">
    <subfield code="a">Riproduzione anastatica del manoscritto.</subfield>
  </datafield>
</record>