<record>
  <leader>01183ndm2a22003133i 450 </leader>
  <controlfield tag="001">IT\ICCU\MUS\0053136</controlfield>
  <controlfield tag="003">http://id.sbn.it/bid/MUS0053136</controlfield>
  <controlfield tag="005">20150224124410.1</controlfield>
  <datafield tag="100" ind1=" " ind2="1">
    <subfield code="a">Marenzio, Luca</subfield>
  </datafield>
  <datafield tag="240" ind1="1" ind2="0">
    <subfield code="a">Sepelierunt Stephanum. Soprano,Mezzosoprano,Contralto,Basso</subfield>
    <subfield code="3">IT\ICCU\CMP\0223975</subfield>
    <subfield code="9">Marenzio, Luca</subfield>
  </datafield>
  <datafield tag="500" ind1=" " ind2=" ">
    <subfield code="a">Riproduzione anastatica del manoscritto.</subfield>
  </datafield>
</record>