<record>
  <leader>01269ndm2a22003253i 450 </leader>
  <controlfield tag="001">IT\ICCU\MUS\0053137</controlfield>
  <controlfield tag="003">http://id.sbn.it/bid/MUS0053137</controlfield>
  <controlfield tag="005">20150224123907.9</controlfield>
  <datafield tag="100" ind1=" " ind2="1">
    <subfield code="a">Nanino, Giovanni Maria</subfield>
  </datafield>
  <datafield tag="240" ind1="1" ind2="0">
    <subfield code="a">Lapidabant Stephanum</subfield>
    <subfield code="3">IT\ICCU\CMP\0023056</subfield>
    <subfield code="9">Nanino, Giovanni Maria</subfield>
  </datafield>
  <datafield tag="500" ind1=" " ind2=" ">
    <subfield code="a">Riproduzione anastatica del manoscritto.</subfield>
  </datafield>
</record><record>
  <leader>00866ndm2a22002653i 450 </leader>
  <controlfield tag="001">IT\ICCU\MUS\0053138</controlfield>
  <controlfield tag="003">http://id.sbn.it/bid/MUS0053138</controlfield>
  <controlfield tag="005">20150224124200.2</controlfield>
  <datafield tag="500" ind1=" " ind2=" ">
    <subfield code="a">Riproduzione anastatica del manoscritto.</subfield>
  </datafield>
</record>