<record>
  <leader>01127ndm2a22003013i 450 </leader>
  <controlfield tag="001">IT\ICCU\MUS\0053139</controlfield>
  <controlfield tag="003">http://id.sbn.it/bid/MUS0053139</controlfield>
  <controlfield tag="005">20150224122055.2</controlfield>
  <datafield tag="100" ind1=" " ind2="1">
    <subfield code="a">Costantini, Alessandro</subfield>
    <subfield code="f"> &lt;ca. 1581-1657&gt;</subfield>
  </datafield>
  <datafield tag="240" ind1="1" ind2="0">
    <subfield code="a">Pastores loquebantur</subfield>
    <subfield code="3">IT\ICCU\CMP\0223976</subfield>
    <subfield code="9">Costantini, Alessandro &lt;ca. 1581-1657&gt;</subfield>
  </datafield>
  <datafield tag="500" ind1=" " ind2=" ">
    <subfield code="a">Riproduzione anastatica del manoscritto.</subfield>
  </datafield>
</record>