<record>
  <leader>01167ndm2a22003133i 450 </leader>
  <controlfield tag="001">IT\ICCU\MUS\0053112</controlfield>
  <controlfield tag="003">http://id.sbn.it/bid/MUS0053112</controlfield>
  <controlfield tag="005">20150224155737.8</controlfield>
  <datafield tag="100" ind1=" " ind2="1">
    <subfield code="a">Marenzio, Luca</subfield>
  </datafield>
  <datafield tag="240" ind1="1" ind2="0">
    <subfield code="a">Hodie Beata Virgo Maria. Soprano,Contralto,Tenore,Basso</subfield>
    <subfield code="3">IT\ICCU\CMP\0023047</subfield>
    <subfield code="9">Marenzio, Luca</subfield>
  </datafield>
  <datafield tag="500" ind1=" " ind2=" ">
    <subfield code="a">Riproduzione anastatica del manoscritto.</subfield>
  </datafield>
</record><record>
  <leader>00857ndm2a22002653i 450 </leader>
  <controlfield tag="001">IT\ICCU\MUS\0053113</controlfield>
  <controlfield tag="003">http://id.sbn.it/bid/MUS0053113</controlfield>
  <controlfield tag="005">20150224155618.6</controlfield>
  <datafield tag="500" ind1=" " ind2=" ">
    <subfield code="a">Riproduzione anastatica del manoscritto.</subfield>
  </datafield>
</record>