<record>
  <leader>01718ndm2a22004093i 450 </leader>
  <controlfield tag="001">IT\ICCU\MUS\0053115</controlfield>
  <controlfield tag="003">http://id.sbn.it/bid/MUS0053115</controlfield>
  <controlfield tag="005">20150224155107.4</controlfield>
  <datafield tag="100" ind1=" " ind2="1">
    <subfield code="a">Lasso, Orlando : di</subfield>
  </datafield>
  <datafield tag="240" ind1="1" ind2="0">
    <subfield code="a">Jubilate deo</subfield>
    <subfield code="3">IT\ICCU\CMP\0023050</subfield>
    <subfield code="9">Lasso, Orlando : di</subfield>
  </datafield>
  <datafield tag="500" ind1=" " ind2=" ">
    <subfield code="a">Riproduzione anastatica del manoscritto.</subfield>
  </datafield>
</record>