<record>
  <leader>01546ndm2a22003733i 450 </leader>
  <controlfield tag="001">IT\ICCU\MUS\0053116</controlfield>
  <controlfield tag="003">http://id.sbn.it/bid/MUS0053116</controlfield>
  <controlfield tag="005">20150224152442.6</controlfield>
  <datafield tag="100" ind1=" " ind2="1">
    <subfield code="a">Gallus, Jacobus</subfield>
  </datafield>
  <datafield tag="240" ind1="1" ind2="0">
    <subfield code="a">Ab Oriente venerunt MagiSoprano, Contralto, Tenore, Basso</subfield>
    <subfield code="3">IT\ICCU\CMP\0223960</subfield>
    <subfield code="9">Gallus, Jacobus</subfield>
  </datafield>
  <datafield tag="500" ind1=" " ind2=" ">
    <subfield code="a">Riproduzione anastatica del manoscritto.</subfield>
  </datafield>
</record>