<record>
  <leader>01100ndm2a22003013i 450 </leader>
  <controlfield tag="001">IT\ICCU\MUS\0053118</controlfield>
  <controlfield tag="003">http://id.sbn.it/bid/MUS0053118</controlfield>
  <controlfield tag="005">20150224150456.3</controlfield>
  <datafield tag="100" ind1=" " ind2="1">
    <subfield code="a">Goudimel, Claude</subfield>
  </datafield>
  <datafield tag="240" ind1="1" ind2="0">
    <subfield code="a">Videntes stellamSoprano, Contralto, Tenore, Basso</subfield>
    <subfield code="3">IT\ICCU\CMP\0223962</subfield>
    <subfield code="9">Goudimel, Claude</subfield>
  </datafield>
  <datafield tag="500" ind1=" " ind2=" ">
    <subfield code="a">Riproduzione anastatica del manoscritto.</subfield>
  </datafield>
</record><record>
  <leader>00856ndm2a22002653i 450 </leader>
  <controlfield tag="001">IT\ICCU\MUS\0053119</controlfield>
  <controlfield tag="003">http://id.sbn.it/bid/MUS0053119</controlfield>
  <controlfield tag="005">20150224150054.4</controlfield>
  <datafield tag="500" ind1=" " ind2=" ">
    <subfield code="a">Riproduzione anastatica del manoscritto.</subfield>
  </datafield>
</record>