<record>
  <leader>01107ndm2a22003013i 450 </leader>
  <controlfield tag="001">IT\ICCU\MUS\0053120</controlfield>
  <controlfield tag="003">http://id.sbn.it/bid/MUS0053120</controlfield>
  <controlfield tag="005">20150224145630.8</controlfield>
  <datafield tag="100" ind1=" " ind2="1">
    <subfield code="a">Da Vittoria, C. L.</subfield>
  </datafield>
  <datafield tag="240" ind1="1" ind2="0">
    <subfield code="a">Jesu dulcis memoriaSoprano, Contralto, Tenore, Basso</subfield>
    <subfield code="3">IT\ICCU\CMP\0223963</subfield>
    <subfield code="9">Da Vittoria, C. L.</subfield>
  </datafield>
  <datafield tag="500" ind1=" " ind2=" ">
    <subfield code="a">Riproduzione anastatica del manoscritto.</subfield>
  </datafield>
</record>