<record>
  <leader>01765ndm2a22004093i 450 </leader>
  <controlfield tag="001">IT\ICCU\MUS\0053124</controlfield>
  <controlfield tag="003">http://id.sbn.it/bid/MUS0053124</controlfield>
  <controlfield tag="005">20150224141431.9</controlfield>
  <datafield tag="100" ind1=" " ind2="1">
    <subfield code="a">Lasso, Orlando : di</subfield>
  </datafield>
  <datafield tag="240" ind1="1" ind2="0">
    <subfield code="a">Ecce Maria genuit</subfield>
    <subfield code="3">IT\ICCU\CMP\0223966</subfield>
    <subfield code="9">Lasso, Orlando : di</subfield>
  </datafield>
  <datafield tag="500" ind1=" " ind2=" ">
    <subfield code="a">Riproduzione anastatica del manoscritto.</subfield>
  </datafield>
</record>