<record>
  <leader>01485ndm2a22003733i 450 </leader>
  <controlfield tag="001">IT\ICCU\MUS\0053141</controlfield>
  <controlfield tag="003">http://id.sbn.it/bid/MUS0053141</controlfield>
  <controlfield tag="005">20150224121159.1</controlfield>
  <datafield tag="100" ind1=" " ind2="1">
    <subfield code="a">Gallus, Jacobus</subfield>
  </datafield>
  <datafield tag="240" ind1="1" ind2="0">
    <subfield code="a">Pueri concinite</subfield>
    <subfield code="3">IT\ICCU\CMP\0023059</subfield>
    <subfield code="9">Gallus, Jacobus</subfield>
  </datafield>
  <datafield tag="500" ind1=" " ind2=" ">
    <subfield code="a">Riproduzione anastatica del manoscritto.</subfield>
  </datafield>
</record>