<record>
  <leader>01171ndm2a22003133i 450 </leader>
  <controlfield tag="001">IT\ICCU\MUS\0053143</controlfield>
  <controlfield tag="003">http://id.sbn.it/bid/MUS0053143</controlfield>
  <controlfield tag="005">20150224115756.3</controlfield>
  <datafield tag="100" ind1=" " ind2="1">
    <subfield code="a">Porta, Costanzo</subfield>
  </datafield>
  <datafield tag="240" ind1="1" ind2="0">
    <subfield code="a">Hodie nobis de caelo</subfield>
    <subfield code="3">IT\ICCU\CMP\0223977</subfield>
    <subfield code="9">Porta, Costanzo</subfield>
  </datafield>
  <datafield tag="500" ind1=" " ind2=" ">
    <subfield code="a">Riproduzione anastatica del manoscritto.</subfield>
  </datafield>
</record>