<record>
  <leader>01168ndm2a22003133i 450 </leader>
  <controlfield tag="001">IT\ICCU\MUS\0053145</controlfield>
  <controlfield tag="003">http://id.sbn.it/bid/MUS0053145</controlfield>
  <controlfield tag="005">20150224110023.7</controlfield>
  <datafield tag="100" ind1=" " ind2="1">
    <subfield code="a">Zarlino, Gioseffo</subfield>
  </datafield>
  <datafield tag="240" ind1="1" ind2="0">
    <subfield code="a">Ecce iam venit plenitudo</subfield>
    <subfield code="3">IT\ICCU\CMP\0023061</subfield>
    <subfield code="9">Zarlino, Gioseffo</subfield>
  </datafield>
  <datafield tag="500" ind1=" " ind2=" ">
    <subfield code="a">Riproduzione anastatica del manoscritto.</subfield>
  </datafield>
</record>