<record>
  <leader>01190ndm2a22003133i 450 </leader>
  <controlfield tag="001">IT\ICCU\MUS\0053146</controlfield>
  <controlfield tag="003">http://id.sbn.it/bid/MUS0053146</controlfield>
  <controlfield tag="005">20150224105051.0</controlfield>
  <datafield tag="100" ind1=" " ind2="1">
    <subfield code="a">Ingegneri, Marco Antonio</subfield>
  </datafield>
  <datafield tag="240" ind1="1" ind2="0">
    <subfield code="a">Ecce enim evangelizo</subfield>
    <subfield code="3">IT\ICCU\CMP\0023062</subfield>
    <subfield code="9">Ingegneri, Marco Antonio</subfield>
  </datafield>
  <datafield tag="500" ind1=" " ind2=" ">
    <subfield code="a">Riproduzione anastatica del manoscritto.</subfield>
  </datafield>
</record>