<record>
  <leader>01202ndm2a22003133i 450 </leader>
  <controlfield tag="001">IT\ICCU\MUS\0053147</controlfield>
  <controlfield tag="003">http://id.sbn.it/bid/MUS0053147</controlfield>
  <controlfield tag="005">20150218184130.4</controlfield>
  <datafield tag="100" ind1=" " ind2="1">
    <subfield code="a">Nanino, Giovanni Bernardino</subfield>
  </datafield>
  <datafield tag="240" ind1="1" ind2="0">
    <subfield code="a">Hodie Christus Natus est</subfield>
    <subfield code="3">IT\ICCU\CMP\0023063</subfield>
    <subfield code="9">Nanino, Giovanni Bernardino</subfield>
  </datafield>
  <datafield tag="500" ind1=" " ind2=" ">
    <subfield code="a">Riproduzione anastatica del manoscritto.</subfield>
  </datafield>
</record>