<record>
  <leader>01086ndm2a22003013i 450 </leader>
  <controlfield tag="001">IT\ICCU\MUS\0053148</controlfield>
  <controlfield tag="003">http://id.sbn.it/bid/MUS0053148</controlfield>
  <controlfield tag="005">20150224103857.2</controlfield>
  <datafield tag="100" ind1=" " ind2="1">
    <subfield code="a">Turini, Gregorio</subfield>
    <subfield code="f"> &lt;1560-1600&gt;</subfield>
  </datafield>
  <datafield tag="240" ind1="1" ind2="0">
    <subfield code="a">Hodie Christus</subfield>
    <subfield code="3">IT\ICCU\CMP\0223979</subfield>
    <subfield code="9">Turini, Gregorio &lt;1560-1600&gt;</subfield>
  </datafield>
  <datafield tag="500" ind1=" " ind2=" ">
    <subfield code="a">Riproduzione anastatica del manoscritto.</subfield>
  </datafield>
</record>