<record>
  <leader>01939ndm2a22003973i 450 </leader>
  <controlfield tag="001">IT\ICCU\MUS\0053149</controlfield>
  <controlfield tag="003">http://id.sbn.it/bid/MUS0053149</controlfield>
  <controlfield tag="005">20150224103022.1</controlfield>
  <datafield tag="100" ind1=" " ind2="1">
    <subfield code="a">Palestrina, Giovanni Pierluigi : da</subfield>
  </datafield>
  <datafield tag="240" ind1="1" ind2="0">
    <subfield code="a">Hodie Christus natus est.2 Canti,Contralto,Tenore</subfield>
    <subfield code="3">IT\ICCU\CMP\0038734</subfield>
    <subfield code="9">Palestrina, Giovanni Pierluigi : da</subfield>
  </datafield>
  <datafield tag="500" ind1=" " ind2=" ">
    <subfield code="a">Riproduzione anastatica del manoscritto.</subfield>
  </datafield>
</record>