<record>
  <leader>01079ndm2a22003013i 450 </leader>
  <controlfield tag="001">IT\ICCU\MUS\0053155</controlfield>
  <controlfield tag="003">http://id.sbn.it/bid/MUS0053155</controlfield>
  <controlfield tag="005">20150218181836.5</controlfield>
  <datafield tag="100" ind1=" " ind2="1">
    <subfield code="a">Jepkens, Albert</subfield>
  </datafield>
  <datafield tag="240" ind1="1" ind2="0">
    <subfield code="a">Ave Maria. Soprano, 2 Contralti, Tenore</subfield>
    <subfield code="3">IT\ICCU\CMP\0223984</subfield>
    <subfield code="9">Jepkens, Albert</subfield>
  </datafield>
  <datafield tag="500" ind1=" " ind2=" ">
    <subfield code="a">Riproduzione anastatica del manoscritto.</subfield>
  </datafield>
</record>