<record>
  <leader>01824ndm2a22004093i 450 </leader>
  <controlfield tag="001">IT\ICCU\MUS\0053156</controlfield>
  <controlfield tag="003">http://id.sbn.it/bid/MUS0053156</controlfield>
  <controlfield tag="005">20150218175406.6</controlfield>
  <datafield tag="100" ind1=" " ind2="1">
    <subfield code="a">Lasso, Orlando : di</subfield>
  </datafield>
  <datafield tag="240" ind1="1" ind2="0">
    <subfield code="a">Ave Maria alta stirp. Contralto, 2 Tenori, Basso</subfield>
    <subfield code="3">IT\ICCU\CMP\0223985</subfield>
    <subfield code="9">Lasso, Orlando : di</subfield>
  </datafield>
  <datafield tag="500" ind1=" " ind2=" ">
    <subfield code="a">Riproduzione anastatica del manoscritto.</subfield>
  </datafield>
</record>