<record>
  <leader>01555ndm2a22003613i 450 </leader>
  <controlfield tag="001">IT\ICCU\MUS\0053157</controlfield>
  <controlfield tag="003">http://id.sbn.it/bid/MUS0053157</controlfield>
  <controlfield tag="005">20150218174709.1</controlfield>
  <datafield tag="100" ind1=" " ind2="1">
    <subfield code="a">Victoria, Tom©Łs Luis : de</subfield>
  </datafield>
  <datafield tag="240" ind1="1" ind2="0">
    <subfield code="a">Ave Maria ...</subfield>
    <subfield code="3">IT\ICCU\CMP\0223986</subfield>
    <subfield code="9">Victoria, Tom©Łs Luis : de</subfield>
  </datafield>
  <datafield tag="500" ind1=" " ind2=" ">
    <subfield code="a">Riproduzione anastatica del manoscritto.</subfield>
  </datafield>
</record>