<record>
  <leader>01128ndm2a22003013i 450 </leader>
  <controlfield tag="001">IT\ICCU\MUS\0053161</controlfield>
  <controlfield tag="003">http://id.sbn.it/bid/MUS0053161</controlfield>
  <controlfield tag="005">20150218172600.8</controlfield>
  <datafield tag="100" ind1=" " ind2="1">
    <subfield code="a">Casali, Giovanni Battista</subfield>
    <subfield code="f"> &lt;ca. 1715-1792&gt;</subfield>
  </datafield>
  <datafield tag="240" ind1="1" ind2="0">
    <subfield code="a">Ave Maria ...</subfield>
    <subfield code="3">IT\ICCU\CMP\0223989</subfield>
    <subfield code="9">Casali, Giovanni Battista &lt;ca. 1715-1792&gt;</subfield>
  </datafield>
  <datafield tag="500" ind1=" " ind2=" ">
    <subfield code="a">Riproduzione anastatica del manoscritto.</subfield>
  </datafield>
</record>