<record>
  <leader>01144ndm2a22003253i 450 </leader>
  <controlfield tag="001">IT\ICCU\MUS\0053162</controlfield>
  <controlfield tag="003">http://id.sbn.it/bid/MUS0053162</controlfield>
  <controlfield tag="005">20150218171310.5</controlfield>
  <datafield tag="100" ind1=" " ind2="1">
    <subfield code="a">Nasco, Giovanni</subfield>
  </datafield>
  <datafield tag="240" ind1="1" ind2="0">
    <subfield code="a">Ave Maria ...</subfield>
    <subfield code="3">IT\ICCU\CMP\0223990</subfield>
    <subfield code="9">Nasco, Giovanni</subfield>
  </datafield>
  <datafield tag="500" ind1=" " ind2=" ">
    <subfield code="a">Riproduzione anastatica del manoscritto.</subfield>
  </datafield>
</record>