<record>
  <leader>01099ndm2a22003013i 450 </leader>
  <controlfield tag="001">IT\ICCU\MUS\0053163</controlfield>
  <controlfield tag="003">http://id.sbn.it/bid/MUS0053163</controlfield>
  <controlfield tag="005">20150218170102.0</controlfield>
  <datafield tag="100" ind1=" " ind2="1">
    <subfield code="a">Verdonck, Cornelis</subfield>
    <subfield code="f"> &lt;1563-1625&gt;</subfield>
  </datafield>
  <datafield tag="240" ind1="1" ind2="0">
    <subfield code="a">Ave Maria ...</subfield>
    <subfield code="3">IT\ICCU\CMP\0223991</subfield>
    <subfield code="9">Verdonck, Cornelis &lt;1563-1625&gt;</subfield>
  </datafield>
  <datafield tag="500" ind1=" " ind2=" ">
    <subfield code="a">Riproduzione anastatica del manoscritto.</subfield>
  </datafield>
</record>