<record>
  <leader>01985ndm2a22004453i 450 </leader>
  <controlfield tag="001">IT\ICCU\MUS\0053164</controlfield>
  <controlfield tag="003">http://id.sbn.it/bid/MUS0053164</controlfield>
  <controlfield tag="005">20150218165604.5</controlfield>
  <datafield tag="100" ind1=" " ind2="1">
    <subfield code="a">Arcadelt, Jacob</subfield>
  </datafield>
  <datafield tag="240" ind1="1" ind2="0">
    <subfield code="a">Ave Maria, gratia plena</subfield>
    <subfield code="3">IT\ICCU\CMP\0223992</subfield>
    <subfield code="9">Arcadelt, Jacob</subfield>
  </datafield>
  <datafield tag="500" ind1=" " ind2=" ">
    <subfield code="a">Riproduzione anastatica del manoscritto.</subfield>
  </datafield>
</record>