<record>
  <leader>01538ndm2a22003853i 450 </leader>
  <controlfield tag="001">IT\ICCU\MUS\0053165</controlfield>
  <controlfield tag="003">http://id.sbn.it/bid/MUS0053165</controlfield>
  <controlfield tag="005">20150218164633.5</controlfield>
  <datafield tag="100" ind1=" " ind2="1">
    <subfield code="a">Gallus, Jacobus</subfield>
  </datafield>
  <datafield tag="240" ind1="1" ind2="0">
    <subfield code="a">De coelo veniet. Soprano, 2 Contralti, Tenore</subfield>
    <subfield code="3">IT\ICCU\CMP\0223993</subfield>
    <subfield code="9">Gallus, Jacobus</subfield>
  </datafield>
  <datafield tag="500" ind1=" " ind2=" ">
    <subfield code="a">Riproduzione anastatica del manoscritto.</subfield>
  </datafield>
</record>