<record>
  <leader>01218ndm2a22003133i 450 </leader>
  <controlfield tag="001">IT\ICCU\MUS\0053167</controlfield>
  <controlfield tag="003">http://id.sbn.it/bid/MUS0053167</controlfield>
  <controlfield tag="005">20150218163634.2</controlfield>
  <datafield tag="100" ind1=" " ind2="1">
    <subfield code="a">Fux, Johann Joseph</subfield>
    <subfield code="f"> &lt;1660-1741&gt;</subfield>
  </datafield>
  <datafield tag="240" ind1="1" ind2="0">
    <subfield code="a">Dicite:pusillanimes</subfield>
    <subfield code="3">IT\ICCU\CMP\0223995</subfield>
    <subfield code="9">Fux, Johann Joseph &lt;1660-1741&gt;</subfield>
  </datafield>
  <datafield tag="500" ind1=" " ind2=" ">
    <subfield code="a">Riproduzione anastatica del manoscritto.</subfield>
  </datafield>
</record>