<record>
  <leader>01547ndm2a22003613i 450 </leader>
  <controlfield tag="001">IT\ICCU\MUS\0053174</controlfield>
  <controlfield tag="003">http://id.sbn.it/bid/MUS0053174</controlfield>
  <controlfield tag="005">20150218152632.1</controlfield>
  <datafield tag="100" ind1=" " ind2="1">
    <subfield code="a">Aiblinger, Johann Kaspar</subfield>
  </datafield>
  <datafield tag="240" ind1="1" ind2="0">
    <subfield code="a">Ad te Levavi. Soprano, Contralto, Tenore, Basso</subfield>
    <subfield code="3">IT\ICCU\CMP\0224002</subfield>
    <subfield code="9">Aiblinger, Johann Kaspar</subfield>
  </datafield>
  <datafield tag="500" ind1=" " ind2=" ">
    <subfield code="a">Riproduzione anastatica del manoscritto.</subfield>
  </datafield>
</record><record>
  <leader>01054ndm2a22002893i 450 </leader>
  <controlfield tag="001">IT\ICCU\MUS\0053175</controlfield>
  <controlfield tag="003">http://id.sbn.it/bid/MUS0053175</controlfield>
  <controlfield tag="005">20150218150547.1</controlfield>
  <datafield tag="240" ind1="1" ind2="1">
    <subfield code="a">Proprium de Tempore. Soprano, Contralto, Tenore, Basso</subfield>
    <subfield code="3">IT\ICCU\CMP\0224004</subfield>
  </datafield>
  <datafield tag="500" ind1=" " ind2=" ">
    <subfield code="a">Riproduzione anastatica del manoscritto.</subfield>
  </datafield>
</record><record>
  <leader>00736ndm1a22002533i 450 </leader>
  <controlfield tag="001">IT\ICCU\MUS\0053176</controlfield>
  <controlfield tag="003">http://id.sbn.it/bid/MUS0053176</controlfield>
  <controlfield tag="005">20150218145621.5</controlfield>
  <datafield tag="500" ind1=" " ind2=" ">
    <subfield code="a">Riproduzione anastatica del manoscritto</subfield>
  </datafield>
  <datafield tag="500" ind1=" " ind2=" ">
    <subfield code="a">Titolo attribuito.</subfield>
  </datafield>
</record>