<record>
  <leader>01207ndm0a22003373i 450 </leader>
  <controlfield tag="001">IT\ICCU\MUS\0073987</controlfield>
  <controlfield tag="003">http://id.sbn.it/bid/MUS0073987</controlfield>
  <controlfield tag="005">20171024171608.1</controlfield>
  <datafield tag="100" ind1=" " ind2="1">
    <subfield code="a">Napoli, Jacopo</subfield>
  </datafield>
  <datafield tag="240" ind1="1" ind2="0">
    <subfield code="a">Terra lontana. Suspire... N.19</subfield>
    <subfield code="3">IT\ICCU\CMP\0296332</subfield>
    <subfield code="9">Napoli, Jacopo</subfield>
  </datafield>
  <datafield tag="500" ind1=" " ind2=" ">
    <subfield code="a">Riproduzione xerox di ms.</subfield>
  </datafield>
</record><record>
  <leader>01079ndm0a22003013i 450 </leader>
  <controlfield tag="001">IT\ICCU\MUS\0081989</controlfield>
  <controlfield tag="003">http://id.sbn.it/bid/MUS0081989</controlfield>
  <controlfield tag="005">20141009083934.0</controlfield>
  <datafield tag="240" ind1="1" ind2="1">
    <subfield code="a">Donne gentil' in voi si chiara</subfield>
    <subfield code="3">IT\ICCU\CMP\0563504</subfield>
  </datafield>
  <datafield tag="500" ind1=" " ind2=" ">
    <subfield code="a">Macchie d'inchiostro blu sulla parte di soprano</subfield>
  </datafield>
</record><record>
  <leader>01095ndm0a22003013i 450 </leader>
  <controlfield tag="001">IT\ICCU\MUS\0096792</controlfield>
  <controlfield tag="003">http://id.sbn.it/bid/MUS0096792</controlfield>
  <controlfield tag="005">20141014110838.6</controlfield>
  <datafield tag="240" ind1="1" ind2="1">
    <subfield code="a">D'oro fiammeggian l'onde</subfield>
    <subfield code="3">IT\ICCU\CMP\0563479</subfield>
  </datafield>
  <datafield tag="500" ind1=" " ind2=" ">
    <subfield code="a">Manca certamente una parte di soprano</subfield>
  </datafield>
</record>