<record>
  <leader>01111nda2a22003013i 450 </leader>
  <controlfield tag="001">IT\ICCU\MSM\0252010</controlfield>
  <controlfield tag="003">http://id.sbn.it/bid/MSM0252010</controlfield>
  <controlfield tag="005">20080116200047.9</controlfield>
  <datafield tag="100" ind1=" " ind2="1">
    <subfield code="a">Scarlatti, Domenico</subfield>
  </datafield>
  <datafield tag="240" ind1="1" ind2="0">
    <subfield code="a">Sonate. Cembalo. K.287. re maggiore</subfield>
    <subfield code="3">IT\ICCU\CMP\0403743</subfield>
    <subfield code="9">Scarlatti, Domenico</subfield>
  </datafield>
  <datafield tag="500" ind1=" " ind2=" ">
    <subfield code="a">A c.32v: per organo da camera con due tastatura flautato, ©· (!) trombone.</subfield>
  </datafield>
</record>