<record>
  <leader>00883ndm2a22002891i 450 </leader>
  <controlfield tag="001">IT\ICCU\MUS\0136132</controlfield>
  <controlfield tag="003">http://id.sbn.it/bid/MUS0136132</controlfield>
  <controlfield tag="005">20070516145408.0</controlfield>
  <datafield tag="100" ind1=" " ind2="1">
    <subfield code="a">Sarti, Giuseppe</subfield>
    <subfield code="f"> &lt;1729-1802&gt;</subfield>
  </datafield>
  <datafield tag="240" ind1="1" ind2="0">
    <subfield code="a">Versetti. Soprano. re maggiore</subfield>
    <subfield code="3">IT\ICCU\CMP\0339488</subfield>
    <subfield code="9">Sarti, Giuseppe &lt;1729-1802&gt;</subfield>
  </datafield>
</record>