<record>
  <leader>01020ndm2a22002891i 450 </leader>
  <controlfield tag="001">IT\ICCU\MUS\0136497</controlfield>
  <controlfield tag="003">http://id.sbn.it/bid/MUS0136497</controlfield>
  <controlfield tag="005">20070531133735.7</controlfield>
  <datafield tag="100" ind1=" " ind2="1">
    <subfield code="a">Furlanetto, Bonaventura</subfield>
  </datafield>
  <datafield tag="240" ind1="1" ind2="0">
    <subfield code="a">Alma Redemptoris. Soprano,Orchestra. N.26. fa maggiore</subfield>
    <subfield code="3">IT\ICCU\CMP\0324544</subfield>
    <subfield code="9">Furlanetto, Bonaventura</subfield>
  </datafield>
</record>