<record>
  <leader>01121nda2a22003013i 450 </leader>
  <controlfield tag="001">IT\ICCU\MSM\0251976</controlfield>
  <controlfield tag="003">http://id.sbn.it/bid/MSM0251976</controlfield>
  <controlfield tag="005">20080121180529.4</controlfield>
  <datafield tag="100" ind1=" " ind2="1">
    <subfield code="a">Scarlatti, Domenico</subfield>
  </datafield>
  <datafield tag="240" ind1="1" ind2="0">
    <subfield code="a">Sonate. Cembalo. K.53. re maggiore</subfield>
    <subfield code="3">IT\ICCU\CMP\0403710</subfield>
    <subfield code="9">Scarlatti, Domenico</subfield>
  </datafield>
  <datafield tag="500" ind1=" " ind2=" ">
    <subfield code="a">A c.25v: Antes de esta sonata se debe taner la q sigue, que es companera, y 1.a deesta.</subfield>
  </datafield>
</record>