<record>
  <leader>01021nda2a22002893i 450 </leader>
  <controlfield tag="001">IT\ICCU\MSM\0251978</controlfield>
  <controlfield tag="003">http://id.sbn.it/bid/MSM0251978</controlfield>
  <controlfield tag="005">20080121180637.1</controlfield>
  <datafield tag="100" ind1=" " ind2="1">
    <subfield code="a">Scarlatti, Domenico</subfield>
  </datafield>
  <datafield tag="240" ind1="1" ind2="0">
    <subfield code="a">Sonate. Cembalo. K.259. sol maggiore</subfield>
    <subfield code="3">IT\ICCU\CMP\0403712</subfield>
    <subfield code="9">Scarlatti, Domenico</subfield>
  </datafield>
</record>