<record>
  <leader>01020nda2a22002893i 450 </leader>
  <controlfield tag="001">IT\ICCU\MSM\0252027</controlfield>
  <controlfield tag="003">http://id.sbn.it/bid/MSM0252027</controlfield>
  <controlfield tag="005">20080116191413.4</controlfield>
  <datafield tag="100" ind1=" " ind2="1">
    <subfield code="a">Scarlatti, Domenico</subfield>
  </datafield>
  <datafield tag="240" ind1="1" ind2="0">
    <subfield code="a">Sonate. Cembalo. K.304. sol maggiore</subfield>
    <subfield code="3">IT\ICCU\CMP\0403760</subfield>
    <subfield code="9">Scarlatti, Domenico</subfield>
  </datafield>
</record><record>
  <leader>00862nda2a22002291i 450 </leader>
  <controlfield tag="001">IT\ICCU\MUS\0136011</controlfield>
  <controlfield tag="003">http://id.sbn.it/bid/MUS0136011</controlfield>
  <controlfield tag="005">20130720184948.0</controlfield>
  <datafield tag="240" ind1="1" ind2="1">
    <subfield code="a">Boh©·me</subfield>
    <subfield code="3">IT\ICCU\CMP\0006563</subfield>
  </datafield>
</record>