<record>
  <leader>01001ndm2a22002891i 450 </leader>
  <controlfield tag="001">IT\ICCU\MUS\0136438</controlfield>
  <controlfield tag="003">http://id.sbn.it/bid/MUS0136438</controlfield>
  <controlfield tag="005">20080805132353.6</controlfield>
  <datafield tag="100" ind1=" " ind2="1">
    <subfield code="a">Furlanetto, Bonaventura</subfield>
  </datafield>
  <datafield tag="240" ind1="1" ind2="0">
    <subfield code="a">Triumphus Jepthe. N.21</subfield>
    <subfield code="3">IT\ICCU\CMP\0242827</subfield>
    <subfield code="9">Furlanetto, Bonaventura</subfield>
  </datafield>
</record>