<record>
  <leader>01035ndm2a22002891i 450 </leader>
  <controlfield tag="001">IT\ICCU\MUS\0136345</controlfield>
  <controlfield tag="003">http://id.sbn.it/bid/MUS0136345</controlfield>
  <controlfield tag="005">20070531135628.6</controlfield>
  <datafield tag="100" ind1=" " ind2="1">
    <subfield code="a">Furlanetto, Bonaventura</subfield>
  </datafield>
  <datafield tag="240" ind1="1" ind2="0">
    <subfield code="a">Alma Redemptoris. Soprano,Orchestra. N.27. sol maggiore</subfield>
    <subfield code="3">IT\ICCU\CMP\0339439</subfield>
    <subfield code="9">Furlanetto, Bonaventura</subfield>
  </datafield>
</record>