<record>
  <leader>01313ndm2a22003251i 450 </leader>
  <controlfield tag="001">IT\ICCU\MUS\0136563</controlfield>
  <controlfield tag="003">http://id.sbn.it/bid/MUS0136563</controlfield>
  <controlfield tag="005">20080728112057.4</controlfield>
  <datafield tag="100" ind1=" " ind2="1">
    <subfield code="a">Latilla, Gaetano</subfield>
  </datafield>
  <datafield tag="240" ind1="1" ind2="0">
    <subfield code="a">Lauda Jerusalem. Coro a 3 voci,Orchestra di archi. N.4. re maggiore</subfield>
    <subfield code="3">IT\ICCU\CMP\0389425</subfield>
    <subfield code="9">Latilla, Gaetano</subfield>
  </datafield>
</record>